<record><leader>00000cas a22000007a 4500</leader><controlfield tag="001">41525488</controlfield><controlfield tag="008">990611c19949999vauir ne      0    0eng d</controlfield><datafield ind1=" " ind2=" " tag="010"><subfield code="a">sn 99066749 </subfield></datafield><datafield ind1=" " ind2=" " tag="040"><subfield code="a">NVK</subfield><subfield code="b">eng</subfield><subfield code="c">NVK</subfield><subfield code="d">OCLCQ</subfield><subfield code="d">OCLCO</subfield></datafield><datafield ind1=" " ind2=" " tag="042"><subfield code="a">msc</subfield></datafield><datafield ind1=" " ind2=" " tag="043"><subfield code="a">n-us-va</subfield></datafield><datafield ind1="0" ind2=" " tag="130"><subfield code="a">Gazette (Galax, Va.)</subfield></datafield><datafield ind1="1" ind2="4" tag="245"><subfield code="a">The Gazette.</subfield></datafield><datafield ind1=" " ind2=" " tag="260"><subfield code="a">Galax, Va. :</subfield><subfield code="b">Landmark Community Newspapers of Va., Inc.</subfield></datafield><datafield ind1=" " ind2=" " tag="300"><subfield code="a">v.</subfield></datafield><datafield ind1=" " ind2=" " tag="310"><subfield code="a">Three times a week</subfield></datafield><datafield ind1="1" ind2=" " tag="362"><subfield code="a">Began in 1994?</subfield><subfield code="z">Cf. Gale.</subfield></datafield><datafield ind1=" " ind2=" " tag="500"><subfield code="a">"Serving the city of Galax and Carrol and Grayson counties."</subfield></datafield><datafield ind1=" " ind2=" " tag="515"><subfield code="a">Continues numbering of Galax gazette (Galax, Va.).</subfield></datafield><datafield ind1=" " ind2=" " tag="588"><subfield code="a">Description based on: Vol. 119, no. 15 (Feb. 2-4, 1996).</subfield></datafield><datafield ind1=" " ind2="0" tag="651"><subfield code="a">Galax (Va.)</subfield><subfield code="v">Newspapers.</subfield></datafield><datafield ind1=" " ind2="0" tag="651"><subfield code="a">Carrol County (Va.)</subfield><subfield code="v">Newspapers.</subfield></datafield><datafield ind1=" " ind2="0" tag="651"><subfield code="a">Grayson County (Va.)</subfield><subfield code="v">Newspapers.</subfield></datafield><datafield ind1=" " ind2=" " tag="752"><subfield code="a">United States</subfield><subfield code="b">Virginia</subfield><subfield code="d">Galax.</subfield></datafield><datafield ind1="0" ind2="0" tag="780"><subfield code="t">Galax gazette (Galax, Va.)</subfield><subfield code="w">(DLC)sn 95079192</subfield></datafield></record>